@INPROCEEDINGS{autoprep,
  author={Yu, Jianwei and Chen, Hangting and Bian, Yanyao and Li, Xiang and Luo, Yi and Tian, Jinchuan and Liu, Mengyang and Jiang, Jiayi and Wang, Shuai},
  booktitle={ICASSP 2024 - 2024 IEEE International Conference on Acoustics, Speech and Signal Processing (ICASSP)}, 
  title={AutoPrep: An Automatic Preprocessing Framework for In-The-Wild Speech Data}, 
  year={2024},
  volume={},
  number={},
  pages={1136-1140},
  doi={10.1109/ICASSP48485.2024.10447759}}


@inproceedings{sintetica,
author = {Ortega Riera, Paula and Passano, Nahuel and Paez, Darío and Bach, Franco and Pupkin, Iván and Sacerdoti, Eduardo and Yommi, Maximiliano and Martín, Hernán},
year = {2023},
month = {11},
booktitle={Jornadas de Acústica, Audio y Sonido},
title = {Implementación y Evaluación de un Sistema de Clonación de Voz Rioplatense para Asistencia en la Comunicación Oral}
}

@article{survey1,
author = {Xu Tan and Tao Qin and Frank K. Soong and Tie-Yan Liu},
title = {{A Survey on Neural Speech Synthesis}},
journal = {arXiv preprint arXiv:2106.15561},
year = {2021},
url = {https://arxiv.org/abs/2106.15561},
}

@article{survey2,
author = {Tianxin Xie and Yan Rong and Pengfei Zhang and Li Liu},
title = {{Towards Controllable Speech Synthesis in the Era of Large Language Models: A Survey}},
journal = {arXiv preprint arXiv:2412.06602},
year = {2024},
url = {https://arxiv.org/abs/2412.06602},
}

@phdthesis{erica,
  author = {E. Cooper},
  title  = {Text-to-Speech Synthesis Using Found Data for Low-Resource Languages},
  school = {Columbia University},
  type   = {PhD. thesis},
  month  = {0},
  year   = {2019},
  address = {New York, NY},
}

@INPROCEEDINGS{emilia,
  author = {Haorui He and Zengqiang Shang and Chaoren Wang and Xuyuan Li and Yicheng Gu and Hua Hua and Liwei Liu and Chen Yang and Jiaqi Li and Peiyang Shi and Yuancheng Wang and Kai Chen and Pengyuan Zhang and Zhizheng Wu},
  booktitle={IEEE Spoken Language Technology Workshop (SLT)}, 
  title={Emilia: An Extensive, Multilingual, and Diverse Speech Dataset For Large-Scale Speech Generation}, 
  year={2024},
  pages={885-890},
  doi={10.1109/SLT61566.2024.10832365}}

@inproceedings{tts_wild,
  author = {Jung, Jeeweon and Zhang, Wangyou and Maiti, Soumi and Wu, Yihan and Wang, Xin and Kim, Ji-Hoon and Matsunaga, Yuta and Um, Seyun and Tian, Jinchuan and Shim, Hye-jin and Evans, Nicholas and Chung, Joon Son and Takamichi, Shinnosuke and Watanabe, Shinji},
  title = {The Text-to-speech in the Wild (TITW) Database},
  booktitle = {Proc. Interspeech},
  year = {2025},
  pages = {4798--4802},
  doi = {10.21437/Interspeech.2025-2536},
}


@inproceedings{alternaive1,
author = {{William Ravenscroft and George Close and Kit Bower-Morris and Jamie Stacey and Dmitry Sityaev and Kris Y. Hong}},
title = {{Whilter: A Whisper-based Data Filter for "In-the-Wild" Speech Corpora Using Utterance-level Multi-Task Classification}},
booktitle = {Proc. Interspeech},
year = {2025},
pages = {4288--4292},
doi = {10.21437/Interspeech.2025-160},
}

@article{alternative2,
author = "Song, Xingchen and Xing, Mengtao and Ma, Changwei and Li,
          Shengqiang and Wu, Di and Zhang, Binbin and Pan, Fuping and
          Zhou, Dinghao and Zhang, Yuekai and Lei, Shun and Peng,
          Zhendong and Wu, Zhiyong",
title = {TouchTTS: An embarrassingly simple TTS framework that everyone can touch},
journal = {arXiv preprint arXiv:2412.08237},
year = {2024},
}

@article{pipeline_tts1,
author = {Xin Li and Kaikai Jia and Hao Sun and Jun Dai and Ziyang Jiang},
title = {{Muyan-TTS: A Trainable Text-to-Speech Model Optimized for Podcast Scenarios with a \$50K Budget}},
journal = {arXiv preprint arXiv:2504.19146},
year = {2024},
url = {https://arxiv.org/abs/2504.19146},
}

@inproceedings{pipeline_tts2,
  title     = {{WenetSpeech4TTS: A 12,800-hour Mandarin TTS Corpus for Large Speech Generation Model Benchmark}},
  author    = {Linhan Ma and Dake Guo and Kun Song and Yuepeng Jiang and Shuai Wang and Liumeng Xue and Weiming Xu and Huan Zhao and Binbin Zhang and Lei Xie},
  year      = {2024},
  booktitle = {{Proc. Interspeech}},
  pages     = {1840--1844},
  doi       = {10.21437/Interspeech.2024-2343},
  issn      = {2958-1796},
}

@inproceedings{pipeline_asr1,
author = {Yifan Peng and Shakeel Muhammad and Yui Sudo and William Chen and Jinchuan Tian and Chyi-Jiunn Lin and Shinji Watanabe},
title = {{OWSM v4: Improving Open Whisper-Style Speech Models via Data Scaling and Cleaning}},
booktitle = {Proc. Interspeech},
year = {2025},
url = {https://www.isca-archive.org/interspeech_2025/peng25c_interspeech.pdf},
}

@inproceedings{pipeline_asr2,
author       = {Nithin Rao Koluguri and Monica Sekoyan and George Zelenfroynd and Sasha Meister and Shuoyang Ding and Sofia Kostandian and He Huang and Nikolay Karpov and Jagadeesh Balam and Vitaly Lavrukhin and Yifan Peng and Sara Papi and Marco Gaido and Alessio Brutti and Boris Ginsburg},
title = {{Granary: Speech Recognition and Translation Dataset in 25 European Languages}},
booktitle = {Proc. Interspeech},
year = {2025},
}

@inproceedings{pipeline_asr3,
author       = {Yifan Yang and Zheshu Song and Jianheng Zhuo and Mingyu Cui and Jinpeng Li and Bo Yang and Yexing Du and Ziyang Ma and Xunying Liu and Ziyuan Wang and Ke Li and Shuai Fan and Kai Yu and Wei-Qiang Zhang and Guoguo Chen and Xie Chen},
title = {{GigaSpeech 2: An Evolving, Large-Scale and Multi-domain ASR Corpus for Low-Resource Languages with Automated Crawling, Transcription and Refinement}},
booktitle = {Proc. ACL (Long Papers)},
year = {2025},
}

@inproceedings{pipeline_data1,
author={Sabra, Adam and Wronka, Cyprian and Mao, Michelle and Hijazi, Samer},
title = {{SECP: A Speech Enhancement-Based Curation Pipeline for Scalable Acquisition of Clean Speech}},
booktitle = {IEEE International Conference of Acoustics, Speech and Signal Processing (ICASSP)},
year = {2024},
pages = {11981-11985},
doi = {10.1109/ICASSP48485.2024.10446973},
}

@inproceedings{pipeline_data2,
author = {José Giraldo and Martí Llopart-Font and Alex Peiró-Lilja and Carme Armentano-Oller and Gerard Sant and Baybars Külebi},
title = {{Enhancing Crowdsourced Audio for Text-to-Speech Models}},
booktitle = {Proc. IberSPEECH},
pages = {206--210},
year = {2024},
}

@inproceedings{deepfilter,
author={Schroter, Hendrik and Escalante-B, Alberto N. and Rosenkranz, Tobias and Maier, Andreas},
title = {{Deepfilternet: A Low Complexity Speech Enhancement Framework for Full-Band Audio Based On Deep Filtering}},
booktitle = {IEEE International Conference of Acoustics, Speech and Signal Processing (ICASSP)},
year = {2022},
pages = {7407-7411},
doi = {10.1109/ICASSP43922.2022.9747055},
}

@inproceedings{demucs,
author    = {Alexandre Défossez and Gabriel Synnaeve and Yossi Adi},
title = {{Real Time Speech Enhancement in the Waveform Domain}},
booktitle = {Proc. Interspeech},
year = {2020},
pages = {3291--3295},
doi = {10.21437/Interspeech.2020-2409},
}

@inproceedings{nisqa,
author = {Gabriel Mittag and Babak Naderi and Assmaa Chehadi and Sebastian Möller},
title = {{NISQA: A Deep CNN-Self-Attention Model for Multidimensional Speech Quality Prediction with Crowdsourced Datasets}},
booktitle = {Proc. Interspeech},
year = {2021},
pages = {2127--2131},
doi = {10.21437/Interspeech.2021-299},
}

@inproceedings{dns_mos,
author={Reddy, Chandan K A and Gopal, Vishak and Cutler, Ross},
title = {{Dnsmos: A Non-Intrusive Perceptual Objective Speech Quality Metric to Evaluate Noise Suppressors}},
booktitle = {IEEE International Conference of Acoustics, Speech and Signal Processing (ICASSP)},
year = {2021},
pages = {6493-6497},
doi = {10.1109/ICASSP39728.2021.9414878},
}

@inproceedings{squim,
author={Kumar, Anurag and Tan, Ke and Ni, Zhaoheng and Manocha, Pranay and Zhang, Xiaohui and Henderson, Ethan and Xu, Buye},
title = {{Torchaudio-Squim: Reference-Less Speech Quality and Intelligibility Measures in Torchaudio}},
booktitle = {IEEE International Conference of Acoustics, Speech and Signal Processing (ICASSP)},
year = {2023},
pages = {1-5},
doi = {10.1109/ICASSP49357.2023.10096680},
}

@inproceedings{google-arg,
author = "Guevara-Rukoz, Adriana  and
      Demirsahin, Isin  and
      He, Fei  and
      Chu, Shan-Hui Cathy  and
      Sarin, Supheakmungkol  and
      Pipatsrisawat, Knot  and
      Gutkin, Alexander  and
      Butryna, Alena  and
      Kjartansson, Oddur",
title = {{Crowdsourcing Latin American Spanish for Low-Resource Text-to-Speech}},
booktitle = {Language Resources and Evaluation Conference (LREC)},
year = {2020},
pages = {6504--6513},
url = {https://aclanthology.org/2020.lrec-1.801/},
}

@article{datset_arg,
author    = "Torres, Humberto M and Gurlekian, Jorge A and Evin, Diego A and
               Cossio Mercado, Christian G",
title = {{Emilia: a speech corpus for Argentine Spanish text to speech synthesis}},
journal = {Language Resources and Evaluation},
publisher = "Springer Science and Business Media LLC",
volume = {53},
number = {3},
pages = {419--447},
year = {2019},
}

@article{Maxi2,
author = {M. Ortiz},
journal = {Master Thesis},
title = {{Estimación ciega de parámetros acústicos de un recinto}},
school = {Universidad Nacional de Tres de Febrero},
year = {2023},
month = {May},
}

@mastersthesis{Maxi,
  author = {M. Ortiz},
  title  = {Estimaci{\'o}n ciega de par{\'a}metros ac{\'u}sticos de un recinto},
  school = {Universidad Nacional de Tres de Febrero},
  type   = {M.S. thesis},
  month  = may,
  year   = {2023},
}


@inproceedings{mcd_metric,
author = {John Kominek and Tanja Schultz and Alan W. Black},
title = {{Synthesizer voice quality of new languages calibrated with mean mel cepstral distortion}},
booktitle = {Proc. Speech Technology Under-Resourced Languages},
year = {2008},
pages = {63--68},
}

@misc{SileroVAD,
author = {Silero Team},
title = {Silero VAD: pre-trained enterprise-grade Voice Activity Detector (VAD), Number Detector and Language Classifier},
year = {2024},
publisher = {GitHub},
}


@INPROCEEDINGS{PESTO,
  author    = {A. Riou and S. Lattner and G. Hadjeres and G. Peeters},
  title     = {PESTO: Pitch Estimation with Self-supervised Transposition-equivariant Objective},
  booktitle = {Proceedings of the 24th International Society for Music Information Retrieval Conference (ISMIR)},
  year      = {2023}
}

@INPROCEEDINGS{wada,
  author    = {C. Kim and R. Stern},
  title     = {Robust signal-to-noise ratio estimation based on waveform amplitude distribution analysis},
  booktitle = {Proc. Interspeech},
  pages     = {2598--2601},
  year      = {2008}
}

@INPROCEEDINGS{whisper,
  author    = {A. Radford and J. Kim and T. Xu and G. Brockman and C. Mcleavey and I. Sutskever},
  title     = {Robust Speech Recognition via Large-Scale Weak Supervision},
  booktitle = {Proceedings of the 40th International Conference on Machine Learning},
  pages     = {28492--28518},
  year      = {2023},
  volume    = {202},
  series    = {Proceedings of Machine Learning Research},
  month     = {July},
  publisher = {PMLR}
}

@INPROCEEDINGS{improv_tts1,
  author    = {K. Seki and S. Takamichi and T. Saeki and H. Saruwatari},
  title     = {TEXT-TO-SPEECH SYNTHESIS FROM DARK DATA WITH EVALUATION-IN-THE-LOOP DATA SELECTION},
  booktitle = {IEEE International Conference of Acoustics, Speech and Signal Processing (ICASSP)},
  year      = {2023},
  pages     = {1--5},
}

@INPROCEEDINGS{improv_tts2,
  author    = {D. Ayllón and H. Sánchez-Hevia and C. Figueroa and P. Lanchantin},
  title     = {Investigating the Effects of Noisy and Reverberant Speech in Text-to-Speech Systems},
  booktitle = {Proc. Interspeech},
  year      = {2019},
  pages     = {1511--1515},
  doi       = {10.21437/Interspeech.2019-3104},
  issn      = {2958-1796}
}

@inproceedings{improv_tts3,
author = {Fang-Yu Kuo and Sandesh Aryal and Gilles Degottex and Sam Kang and Pierre Lanchantin and Iris Ouyang},
title = {{Data Selection for Improving Naturalness of TTS Voices Trained on Small Found Corpuses}},
booktitle = {IEEE Spoken Language Technology Workshop (SLT)},
pages = {319--324},
year = {2018},
doi = {10.1109/SLT.2018.8639642},
}

@inproceedings{hifigan,
author = {Kong, Jungil and Kim, Jaehyeon and Bae, Jaekyoung},
title = {HiFi-GAN: generative adversarial networks for efficient and high fidelity speech synthesis},
year = {2020},
address = {Red Hook, NY, USA},
booktitle = {Proceedings of the 34th International Conference on Neural Information Processing Systems},
articleno = {1428},
numpages = {12},
location = {Vancouver, BC, Canada},
}

@inproceedings{wavenet,
  title     = {WaveNet: A Generative Model for Raw Audio},
  author    = {Aäron {van den Oord} and Sander Dieleman and Heiga Zen and Karen Simonyan and Oriol Vinyals and Alex Graves and Nal Kalchbrenner and Andrew Senior and Koray Kavukcuoglu},
  year      = {2016},
  booktitle = {9th ISCA Workshop on Speech Synthesis Workshop (SSW 9)},
  pages     = {125},
}

@inproceedings{tacotron,
  author = {Jonathan Shen and Ruoming Pang and Ron J. Weiss and Mike Schuster and Navdeep Jaitly and Zongheng Yang and Zhifeng Chen and Yu Zhang and Yuxuan Wang and R. J. Skerry-Ryan and Rif A. Saurous and Yannis Agiomyrgiannakis and Yonghui Wu},
  title = {Natural TTS Synthesis by Conditioning WaveNet on Mel Spectrogram Predictions},
  booktitle = {Proceedings of the IEEE International Conference on Acoustics, Speech and Signal Processing (ICASSP)},
  year = {2018},
  pages = {4779--4783},
  doi = {10.1109/ICASSP.2018.8461368},
}

@inproceedings{attention,
  author = {Ashish Vaswani and Noam Shazeer and Niki Parmar and Jakob Uszkoreit and Llion Jones and Aidan N. Gomez and {\L}ukasz Kaiser and Illia Polosukhin},
  title = {Attention Is All You Need},
  booktitle = {Advances in Neural Information Processing Systems},
  year = {2017},
  note = {NeurIPS 2017}
}

@inproceedings{fastspeech,
  author = {Yi Ren and Chenxu Hu and Xu Tan and Tao Qin and Sheng Zhao and Zhou Zhao and Tie-Yan Liu},
  title = {FastSpeech 2: Fast and High-Quality End-to-End Text to Speech},
  booktitle = {International Conference on Learning Representations (ICLR)},
  year = {2021},
}

@book{goodfellow,
  author = {Ian Goodfellow and Yoshua Bengio and Aaron Courville},
  title = {Deep Learning},
  publisher = {MIT Press},
  year = {2016},
}

@inproceedings{concatenative,
  author = {Andrew J. Hunt and Alan W. Black},
  title = {Unit selection in a concatenative speech synthesis system using a large speech database},
  booktitle = {Proceedings of IEEE International Conference on Acoustics, Speech, and Signal Processing (ICASSP)},
  year = {1996},
  pages = {373--376},
  address = {Atlanta, GA, USA}
}

@article{parametrico,
  author = {Keiichi Tokuda and Yosuke Nankaku and Tetsuya Toda and Heiga Zen and Junichi Yamagishi and Keiichiro Oura},
  title = {Speech synthesis based on hidden Markov models},
  journal = {Proceedings of the IEEE},
  year = {2013},
  volume = {101},
  number = {5},
  pages = {1234--1252},
  doi = {10.1109/JPROC.2013.2251852}
}

@book{Fontanella2004español,
	title={El espa{\~n}ol de la Argentina y sus variedades regionales},
	author={de Weinberg, M.B.F. and de Mirande, N.E.D.},
	isbn={9789872170400},
	url={https://books.google.com.ar/books?id=fpxiAAAAMAAJ},
	year={2004},
	publisher={Asociaci{\'o}n Bernardino Rivadavia, Proyecto Cultural Weinberg/Fontanella}
}
